%
%  An example of a bibliographical database for bibTeX
%
%  Recommended software for maintenance of *.bib files:
%    JabRef, http://jabref.sourceforge.net/
%
%  BEWARE:
%
%    *  If a name contains a capital letter, which must be kept such,
%       use curly brackets ({T}hailand, {HIV}).
%
%  ===========================================================================

@inproceedings{electromagneticSpectrum,
	title={Review on Material Processing Through Microwave Energy},
	author={Bekal, Anikethan and Hebbale, Ajit M and Srinath, MS},
	booktitle={IOP Conference Series: Materials Science and Engineering},
	year={2018}
}

@unknown{planckConstant,
	author = {Gardi, Lori},
	year = {2018},
	month = {05},
	pages = {},
	title = {Planck's Constant and the Nature of Light},
	doi = {10.13140/RG.2.2.29763.09767}
}

@misc{rods91cones4f5,
	title={Neuroscience 2nd edition. sunderland (ma) sinauer associates},
	author={Purves, Dale and Augustine, G and Fitzpatrick, D and Katz, L and LaMantia, A and McNamara, J and Williams, S},
	year={2001},
	publisher={Inc}
}

@article{rods125cones6,
	author = {Werner, John},
	year = {2001},
	month = {10},
	pages = {},
	title = {HUMAN COLOUR VISION: 1. COLOUR MIXTURE AND RETINO-GENICULATE PROCESSING},
	isbn = {978-981-02-4164-3},
	doi = {10.1142/9789812811899_0003}
}

@article{coneSensitivities,
	title={Cone spectral sensitivities and color matching},
	author={Stockman, Andrew and Sharpe, Lindsay T},
	journal={Color vision: From genes to perception},
	pages={53--88},
	year={1999},
	publisher={Cambridge University Press, Cambridge}
}

@article{colorMatchingDerivation,
	title={How the CIE 1931 color-matching functions were derived from Wright-Guild data},
	author={Fairman, Hugh S and Brill, Michael H and Hemmendinger, Henry},
	journal={Color Research \& Application: Endorsed by Inter-Society Color Council, The Colour Group (Great Britain), Canadian Society for Color, Color Science Association of Japan, Dutch Society for the Study of Color, The Swedish Colour Centre Foundation, Colour Society of Australia, Centre Fran{\c{c}}ais de la Couleur},
	volume={22},
	number={1},
	pages={11--23},
	year={1997},
	publisher={Wiley Online Library}
}

@article{colorMatchingRGBData,
	title={A critical review of the development of the CIE1931 RGB color-matching functions},
	author={Broadbent, Arthur D},
	journal={Color Research \& Application: Endorsed by Inter-Society Color Council, The Colour Group (Great Britain), Canadian Society for Color, Color Science Association of Japan, Dutch Society for the Study of Color, The Swedish Colour Centre Foundation, Colour Society of Australia, Centre Fran{\c{c}}ais de la Couleur},
	volume={29},
	number={4},
	pages={267--272},
	year={2004},
	publisher={Wiley Online Library}
}

@book{colorMatchingXYZData,
	title={Principles of colour and appearance measurement: Object appearance, colour perception and instrumental measurement},
	author={Choudhury, Asim Kumar Roy},
	year={2014},
	publisher={Elsevier}
}

@article{xyYOverview,
	title={The CIE XYZ and xyY color spaces},
	author={Kerr, Douglas A},
	journal={Colorimetry},
	volume={1},
	number={1},
	pages={1--16},
	year={2010}
}

@incollection{xyYEquations,
	title={International standards for colour},
	author={Goodman, TM},
	booktitle={Colour Design},
	pages={177--218},
	year={2012},
	publisher={Elsevier}
}

@misc{CIE,
	author = "CIE",
	title = "Commission internationale de l'éclairage",
	year = {1913},
	url = "http://cie.co.at/"
  	note = {Accessed: 2020-10-09}
}

@article{chromaticityDiagramResource,
	author = {Choi, Kyungah and Lee, Jeongmin and Suk, Hyeon-Jeong},
	year = {2016},
	month = {01},
	pages = {222-231},
	title = {Context-based presets for lighting setup in residential space},
	volume = {52},
	journal = {Applied Ergonomics},
	doi = {10.1016/j.apergo.2015.07.023}
}

@article{opponentColorTheory,
	title={Color measurement and color theory: II. Opponent-colors theory},
	author={Krantz, David H},
	journal={Journal of Mathematical Psychology},
	volume={12},
	number={3},
	pages={304--327},
	year={1975},
	publisher={Elsevier}
}

@article{hunterLabCIELabComparison,
	title={Measuring color using Hunter L, a, b versus CIE 1976 L* a* b*},
	author={Whetzel, N},
	journal={Application notes). Retrieved from Hunterlab website: https://support. hunterlab. com/hc/enus/articles/204137825-Measuring-Color-using-Hunter-Lab-versus-CIE-1976-Lab-AN-1005b},
	year={2016}
}

@article{labColorScale,
	title={L* a* b* color scale},
	author={HunterLab, CIE},
	journal={Applications note, Virginia, USA},
	year={1996}
}

@article{deltaEOverview,
	title={Which color differencing equation should be used},
	author={Habekost, Martin},
	journal={International Circular of Graphic Education and Research},
	volume={6},
	pages={20--33},
	year={2013}
}

@article{delta2000,
	title={The CIEDE2000 color-difference formula: Implementation notes, supplementary test data, and mathematical observations},
	author={Sharma, Gaurav and Wu, Wencheng and Dalal, Edul N},
	journal={Color Research \& Application: Endorsed by Inter-Society Color Council, The Colour Group (Great Britain), Canadian Society for Color, Color Science Association of Japan, Dutch Society for the Study of Color, The Swedish Colour Centre Foundation, Colour Society of Australia, Centre Fran{\c{c}}ais de la Couleur},
	volume={30},
	number={1},
	pages={21--30},
	year={2005},
	publisher={Wiley Online Library}
}

@inproceedings{CIELABDarkSide,
	title={The dark side of CIELAB},
	author={Sharma, Gaurav and Rodr{\'\i}guez-Pardo, Carlos Eduardo},
	booktitle={Color Imaging XVII: Displaying, Processing, Hardcopy, and Applications},
	volume={8292},
	pages={82920D},
	year={2012},
	organization={International Society for Optics and Photonics}
}

@article{CIELABcomparisonCIELUV,
	title={Testing CIELAB-based color-difference formulas},
	author={Melgosa, Manuel},
	journal={Color Research \& Application: Endorsed by Inter-Society Color Council, The Colour Group (Great Britain), Canadian Society for Color, Color Science Association of Japan, Dutch Society for the Study of Color, The Swedish Colour Centre Foundation, Colour Society of Australia, Centre Fran{\c{c}}ais de la Couleur},
	volume={25},
	number={1},
	pages={49--55},
	year={2000},
	publisher={Wiley Online Library}
}

@article{HSLreview,
	title={Understanding color models: a review},
	author={Ibraheem, Noor A and Hasan, Mokhtar M and Khan, Rafiqul Z and Mishra, Pramod K},
	journal={ARPN Journal of science and technology},
	volume={2},
	number={3},
	pages={265--275},
	year={2012},
	publisher={Citeseer}
}

@inproceedings{edgeDetectionHSL,
	title={Edge detection of color images using the HSL color space},
	author={Weeks, Arthur Robert and Felix, Carlos E and Myler, Harley R},
	booktitle={Nonlinear Image Processing VI},
	volume={2424},
	pages={291--301},
	year={1995},
	organization={International Society for Optics and Photonics}
}

@misc{Mitsuba2,
	author = " Wenzel Jakob, Merlin Nimier-David, Guillaume Loubet, Sébastien Speierer, Benoît Ruiz, Delio Vicini, and Tizian Zeltner",
	title = "Mitsuba2",
	url = "https://mitsuba2.readthedocs.io/en/latest/src/getting_started/variants.html"
	note = {Accessed: 2020-10-13}
}

@book{fluorescenceDefinition,
	title={Practical fluorescence},
	author={Guilbault, George G},
	year={2020},
	publisher={CRC Press}
}

@incollection{fluorescencePolarization,
	title={Combined rendering of polarization and fluorescence effects},
	author={Wilkie, Alexander and Tobler, Robert F and Purgathofer, Werner},
	booktitle={Rendering Techniques 2001},
	pages={197--204},
	year={2001},
	publisher={Springer}
}

@article{fluorescenceART,
	title={Fluorescence Computations in a Hero Wavelength Renderer},
	author={Mojz{\'\i}k, Michal},
	year={2018},
	publisher={Univerzita Karlova, Matematicko-fyzik{\'a}ln{\'\i} fakulta}
}

@misc{ART,
	author = "Computer Graphics Group of Charles University in Prague",
	title = "ART",
	url = "https://cgg.mff.cuni.cz/ART/gallery/"
	note = {Accessed: 2020-10-13}
}

@article{iridescenceRGB,
	title={Rendering biological iridescences with RGB-based renderers},
	author={Sun, Yinlong},
	journal={ACM Transactions on Graphics (TOG)},
	volume={25},
	number={1},
	pages={100--129},
	year={2006},
	publisher={ACM New York, NY, USA}
}

@article{iridescenceArticle1,
	title={A practical extension to microfacet theory for the modeling of varying iridescence},
	author={Belcour, Laurent and Barla, Pascal},
	journal={ACM Transactions on Graphics (TOG)},
	volume={36},
	number={4},
	pages={1--14},
	year={2017},
	publisher={ACM New York, NY, USA}
}

@article{iridescenceArticle2,
	title={A physically based anisotropic iridescence model for rendering morpho butterflies photo-realistically},
	author={Sadeghi, Iman and Jensen, HW},
	journal={Proc. of Iridescence: More Than Meets the Eye (Tempe, Arizona, 2008)},
	pages={38},
	year={2008}
}

@article{iridescenceArticle3,
	title={Scratch iridescence: Wave-optical rendering of diffractive surface structure},
	author={Werner, Sebastian and Velinov, Zdravko and Jakob, Wenzel and Hullin, Matthias B},
	journal={ACM Transactions on Graphics (TOG)},
	volume={36},
	number={6},
	pages={1--14},
	year={2017},
	publisher={ACM New York, NY, USA}
}

@article{snellsLaw,
	title={Snell’s law from an elementary particle viewpoint},
	author={Drosdoff, D and Widom, A},
	journal={American journal of physics},
	volume={73},
	number={10},
	pages={973--975},
	year={2005},
	publisher={American Association of Physics Teachers}
}

@article{dispersionRendering1,
	title={Rendering light dispersion with a composite spectral model},
	author={Sun, Yinlong and Fracchia, F David and Drew, Mark S},
	journal={Diamond},
	volume={2},
	number={37.17},
	pages={0--044},
	year={2000},
	publisher={Citeseer}
}

@article{dispersionRendering2,
	title={Raytracing of dispersion effects in transparent materials},
	author={Wilkie, Alexander and Tobler, Robert F and Purgathofer, Werner},
	year={2000},
	publisher={V{\'a}clav Skala-UNION Agency}
}

@inproceedings{sigmoidMethod,
	title={A Low-Dimensional Function Space for Efficient Spectral Upsampling},
	author={Jakob, Wenzel and Hanika, Johannes},
	booktitle={Computer Graphics Forum},
	volume={38},
	number={2},
	pages={147--155},
	year={2019},
	organization={Wiley Online Library}
}

@inproceedings{upsamplingTechniques,
	title={Wide Gamut Spectral Upsampling with Fluorescence},
	author={Jung, Alisa and Wilkie, Alexander and Hanika, Johannes and Jakob, Wenzel and Dachsbacher, Carsten},
	booktitle={Computer Graphics Forum},
	volume={38},
	number={4},
	pages={87--96},
	year={2019},
	organization={Wiley Online Library}
}

@article{upsamplingMacAdam,
	title={The theory of the maximum visual efficiency of colored materials},
	author={MacAdam, David L},
	journal={JOSA},
	volume={25},
	number={8},
	pages={249--252},
	year={1935},
	publisher={Optical Society of America}
}


@article{upsamplingSmits,
	title={An RGB-to-spectrum conversion for reflectances},
	author={Smits, Brian},
	journal={Journal of Graphics Tools},
	volume={4},
	number={4},
	pages={11--22},
	year={1999},
	publisher={Taylor \& Francis}
}

@inproceedings{upsamplingMeng,
	title={Physically meaningful rendering using tristimulus colours},
	author={Meng, Johannes and Simon, Florian and Hanika, Johannes and Dachsbacher, Carsten},
	booktitle={Computer Graphics Forum},
	volume={34},
	number={4},
	pages={31--40},
	year={2015},
	organization={Wiley Online Library}
}

@inproceedings{upsamplingOtsu,
	title={Reproducing spectral reflectances from tristimulus colours},
	author={Otsu, Hisanari and Yamamoto, Masafumi and Hachisuka, Toshiya},
	booktitle={Computer Graphics Forum},
	volume={37},
	number={6},
	pages={370--381},
	year={2018},
	organization={Wiley Online Library}
}

@inproceedings{upsamplingJakobHanika,
	title={A Low-Dimensional Function Space for Efficient Spectral Upsampling},
	author={Jakob, Wenzel and Hanika, Johannes},
	booktitle={Computer Graphics Forum},
	volume={38},
	number={2},
	pages={147--155},
	year={2019},
	organization={Wiley Online Library}
}

@article{ceresSolver,
	title={Ceres solver},
	author={Agarwal, Sameer and Mierle, Keir and others},
	year={2012}
}

@inproceedings{upsamplingFluorescence,
	title={Wide Gamut Spectral Upsampling with Fluorescence},
	author={Jung, Alisa and Wilkie, Alexander and Hanika, Johannes and Jakob, Wenzel and Dachsbacher, Carsten},
	booktitle={Computer Graphics Forum},
	volume={38},
	number={4},
	pages={87--96},
	year={2019},
	organization={Wiley Online Library}
}

@misc{ARTsigmoids,
	author = "Computer Graphics Group of Charles University in Prague",
	title = "ART Sigmoids",
	url = "https://cgg.mff.cuni.cz/ART/archivers/art_2_0_3.html"
	note = {Accessed: 2020-10-13}
}

@inproceedings{trigonometricMomentsPresentation,
	title={Spectral Rendering with the Bounded MESE and sRGB Data},
	author={Peters, Christoph and Merzbach, Sebastian and Hanika, Johannes and Dachsbacher, Carsten},
	booktitle={Workshop on Material Appearance Modeling},
	volume={2019},
	pages={07--09},
	year={2019}
}

@article{trigonometricMomentsPaper,
	title={Using moments to represent bounded signals for spectral rendering},
	author={Peters, Christoph and Merzbach, Sebastian and Hanika, Johannes and Dachsbacher, Carsten},
	journal={ACM Transactions on Graphics (TOG)},
	volume={38},
	number={4},
	pages={1--14},
	year={2019},
	publisher={ACM New York, NY, USA}
}

@article{fourierRepresEmission,
	author = {Romero, Javier and Valero, E. and Hernández-Andrés, Javier and Nieves, Juan},
	year = {2003},
	month = {10},
	pages = {1714-24},
	title = {Color-signal filtering in the Fourier-frequency domain},
	volume = {20},
	journal = {Journal of the Optical Society of America. A, Optics, image science, and vision},
	doi = {10.1364/JOSAA.20.001714}
}

@article{unboundedMESEoriginal,
	title={Maximum entropy spectral analysis},
	author={Burg, John Parker},
	journal={Astronomy and Astrophysics Supplement},
	volume={15},
	pages={383},
	year={1974}
}

@article{trigonometricMomentProblemDefiniton,
	title={Maximum entropy and the moment problem},
	author={Landau, Henry J},
	journal={Bulletin of the American Mathematical Society},
	volume={16},
	number={1},
	pages={47--77},
	year={1987}
}

@article{dualityBoundedUnboundedMarkoff,
	title={Nouvelles applications des fractions continues},
	author={Markoff, Andr{\'e}},
	journal={Mathematische Annalen},
	volume={47},
	number={4},
	pages={579--597},
	year={1896},
	publisher={Springer}
}

@book{dualityBoundedUnboundedKrein,
	title={The Markov moment problem and extremal problems},
	author={Kre{\u\i}}n, Mark Grigorʹevich and Louvish, D and others},
year={1977},
publisher={American Mathematical Society}
}